
@misc{ThePacmanDossier,
  author = {{Jamey Pittman}},
  title = {The Pac-Man Dossier},
  howpublished = {\url{https://pacman.holenet.info/}},
  year = {2015}
}

@misc{CBPacman,
  author = {CodeBullet},
  howpublished = {\url{https://www.youtube.com/watch?v=QpyHYRBKy8U}},
  title = {AI learns to play PACMAN using NEAT},
  year = {2018},
}

@misc{SnakeTutorial,
  author = {Patrick Loeber},
  howpublished = {\url{https://youtube.com/playlist?list=PLqnslRFeH2UrDh7vUmJ60YrmWd64mTTKV&feature=shared}},
  title = {Teach AI To Play Snake - Reinforcement Learning Tutorial With PyTorch And Pygame},
  year = {2020}
}

@misc{vanseijen2017hybridrewardarchitecturereinforcement,
      title={Hybrid Reward Architecture for Reinforcement Learning}, 
      author={Harm van Seijen and Mehdi Fatemi and Joshua Romoff and Romain Laroche and Tavian Barnes and Jeffrey Tsang},
      year={2017},
      eprint={1706.04208},
      archivePrefix={arXiv},
      primaryClass={cs.LG},
      url={https://arxiv.org/abs/1706.04208}, 
}